@article{Silva2022,
  author    = {Silva, Amanda Carvalho and Silva, Gabriel Cezário Fereira da and Souza, Julio Gonçalves de},
  title     = {Sistemática proposta para seleção de fornecedores em gestão de projetos},
  journal   = {Trabalho de conclusão de curso (Curso Superior de Tecnologia em Informática para Negócios)},
  publisher = {Faculdade de Tecnologia "Adib Moisés Dib"},
  year      = {2022},
  month     = {dec},
  address   = {São Bernardo do Campo, SP},
  url       = {https://ric.cps.sp.gov.br/handle/123456789/16034}
}

@article{Oliveira2022,
  author    = {Oliveira, Douglas Wender Lopes de},
  title     = {Utilização de API para geolocalização em tempo real de encomendas pedidas por meio de um aplicativo mobile multiplataforma},
  journal   = {Trabalho de Conclusão de Curso (Engenharia de Software)},
  publisher = {Universidade Tecnológica Federal do Paraná},
  year      = {2022},
  month     = {jun},
  address   = {Dois Vizinhos, PR},
  url       = {http://repositorio.utfpr.edu.br/jspui/handle/1/32355}
}

@url{99Freelas,
  title   = {99Freelas},
  url     = {https://www.99freelas.com.br},
  urldate = {2024-04}
}

@url{GetNinjas,
  title   = {GetNinjas},
  year    = {2011},
  url     = {https://www.getninjas.com.br},
  urldate = {2024-03}
}

@url{Fiverr,
  title   = {Fiverr},
  year    = {2010},
  url     = {https://www.fiverr.com/?source=top_nav},
  urldate = {2024-11}
}

@url{Kassie2018,
  title   = {Kassie e Lehdonvirta},
  year    = {2018},
  url     = {https://ideas.repec.org/p/pra/mprapa/74943.html},
  urldate = {2024-11}
}

@url{ROCKCONTENT2023,
  author = {ROCKCONTENT},
  title = {The history of the modern gig economy},
  year = {2023},
  url = {https://rockcontent.com/blog/the-history-of-the-modern-gig-economy/},
  urldate = {2025-4}
}

@url{IBGE2022,
  author = {IBGE},
  title = {PNAD Contínua Trimestral: Desocupação fica estável em 26 das 27 UFs no 1º trimestre de 2022},
  year = {2022},
  url = {https://agenciadenoticias.ibge.gov.br/agencia-sala-de-imprensa/2013-agencia-de-noticias/releases/33703-pnad-continua-trimestral-desocupacao-fica-estavel-em-26-das-27-ufs-no-1-trimestre-de-2022},
  urldate = {2025-4}
}

@url{RochaFerreira2022,
  author = {Rocha Ferreira, M.},
  title = {Tecnologia e trabalho: Os impactos da gig economy no mundo do trabalho brasileiro},
  year = {2022},
  url = {https://www.jusbrasil.com.br/artigos/tecnologia-e-trabalho-os-impactos-da-gig-economy-no-mundo-do-trabalho-brasileiro/2236802600},
  urldate = {2025-4}
}

@url{ESTADAO2020,
  author = {Estadão},
  title = {Elas oferecem serviço de reparo doméstico para LGBTs e mulheres com medo de receber homens em casa},
  year = {2020},
  url = {https://www.estadao.com.br/emais/comportamento/elas-oferecem-servico-de-reparo-domestico-para-lgbts-e-mulheres-com-medo-de-receber-homens-em-casa/},
  urldate = {2025-4}
}